% This file was created with JabRef 2.8.1.
% Encoding: Cp1252

@ELECTRONIC{AD633,
  author = {{Analog Devices}},
  title = {Low Cost Analog Multiplier {AD633}},
  howpublished = {\url{http://www.komponenten.es.aau.dk/fileadmin/komponenten/Data_Sheet/Linear/AD633.pdf}},
  owner = {MB},
  timestamp = {2012.11.22}
}

@BOOK{modelnote,
  title = {Modeldannelse},
  year = {2010},
  author = {Palle Andersen AND Tom S. Pedersen},
  owner = {Brian},
  timestamp = {2012.12.03}
}

@ELECTRONIC{BDX33B,
  author = {Bourns},
  year = {2002},
  title = {{BDX33, BDX34}},
  howpublished = {\url{http://skyynet.de/remote_bdx33.pdf}},
  owner = {ME},
  timestamp = {2012.12.14}
}

@BOOK{solar-physics,
  title = {Physics of Solar Energy},
  publisher = {Wiley \& Sons, Inc.},
  year = {2011},
  author = {C. Julian Chen},
  owner = {brian},
  timestamp = {2012.10.16}
}

@ELECTRONIC{solcelle-boom,
  author = {{Dansk Energi}},
  month = {August},
  year = {2012},
  title = {Solcelle-boom i {D}anmark},
  howpublished = {\url{http://www.danskenergi.dk/Aktuelt/Indblik/Solcelle_boom.aspx}},
  owner = {MB},
  timestamp = {2012.12.07}
}

@ELECTRONIC{solpanel,
  author = {ETsolar},
  title = {{ET Module - ET-M53930}},
  language = {English},
  howpublished = {\url{http://www.etsolar.com.ar/folletos/ET-M53930.pdf}},
  owner = {MB},
  timestamp = {2012.10.04}
}

@ELECTRONIC{BC547-Fairchild,
  author = {Fairchild},
  year = {2002},
  title = {{BC547-BC550}},
  howpublished = {\url{http://http://pdfdata.datasheetsite.com/pdf1/Fairchild/BC547.pdf}},
  owner = {CNE},
  timestamp = {2012.12.16}
}

@BOOK{motor2,
  title = {Electric Motors and Drives Fundamentals Types and Applications 3rd
	edition},
  publisher = {Elsevier Ltd.},
  year = {2006},
  author = {Austin Hughes},
  owner = {Aske},
  timestamp = {2012.10.15}
}

@ELECTRONIC{CO2-forbrug,
  author = {{Klimakompasset}},
  title = {K{\o}b af CO2-kvoter},
  howpublished = {\url{http://www.klimakompasset.dk/index.php?id=168727}},
  owner = {MB},
  timestamp = {2012.12.10}
}

@ELECTRONIC{DTU-energi,
  author = {Lone Krull},
  month = {december},
  year = {2008},
  title = {Hvor meget af verdens energi kan komme fra sol, vind og bioenergi?},
  howpublished = {\url{http://www.dtu.dk/Nyheder/Pressemeddelelser.aspx?guid={C07C35C8-1666-4EB7-BCF6-ED579BD497D4}\&lg=print}},
  organization = {Danmarks Tekniske Universitet},
  owner = {MB},
  timestamp = {2012.12.10}
}

@BOOK{Pract-PV,
  title = {Practical Handbook of Photovoltaics - Fundamentals and Applications},
  publisher = {Elsevier},
  year = {2012},
  author = {Augustin McEvoy AND Tom Markvart AND Luis Casta√±er},
  owner = {brian},
  timestamp = {2012.10.16}
}

@ELECTRONIC{BAT85,
  author = {{NXP Semiconductors}},
  month = {Juli},
  year = {2012},
  title = {{BAT85} - Schottky barrier single diode},
  howpublished = {\url{http://www.nxp.com/documents/data_sheet/BAT85.pdf}},
  owner = {MB},
  timestamp = {2012.12.05}
}

@ELECTRONIC{BZX79,
  author = {{NXP Semiconductors}},
  month = {Februar},
  year = {2002},
  title = {{BZX79} series - Voltage regulator diodes},
  howpublished = {\url{http://www.nxp.com/documents/data_sheet/BZX79.pdf}},
  owner = {MB},
  timestamp = {2012.11.27}
}

@ELECTRONIC{BPX38,
  author = {Osram},
  year = {2007},
  title = {{BPX 38}},
  howpublished = {\url{http://www.komponenten.es.aau.dk/fileadmin/komponenten/Data_Sheet/Opto/BPX38.pdf}},
  owner = {MB},
  timestamp = {2012.11.26}
}

@BOOK{cosine,
  title = {Lighting Systems: Advanced Course},
  year = {2000},
  author = {E. G. Patterson},
  owner = {Maja},
  timestamp = {2012.12.19}
}

@BOOK{PV-History,
  title = {From Space to Earth: The Story of Solar Electricity},
  publisher = {Routledge},
  year = {1999},
  author = {John Perlin},
  owner = {brian},
  timestamp = {2012.10.17}
}

@BOOK{micro-circuits,
  title = {Microelectronic Circuits},
  publisher = {Oxford University press},
  year = {2009},
  author = {Adel S. Sedra AND Kenneth C. Smith},
  owner = {bgt},
  timestamp = {2012.12.11}
}

@ELECTRONIC{BC547B,
  author = {Vishay Semiconductors},
  year = {2004},
  title = {{BC547, BC547, BC548}},
  howpublished = {\url{http://datasheet.octopart.com/BC547B-Vishay-datasheet-37836.pdf}},
  owner = {Aske},
  timestamp = {2012.12.14}
}

@ELECTRONIC{motor,
  author = {Wayne Storr},
  year = {2012},
  title = {Electronics Tutorial about DC Motors},
  howpublished = {\url{http://www.electronics-tutorials.ws/io/io_7.html}},
  owner = {Aske},
  timestamp = {2012.10.15}
}

@ELECTRONIC{TLE2071,
  author = {{Texas Instruments}},
  month = {Marts},
  year = {2000},
  title = {{TLE207x, TLE207xA, TLE207xY}
	
	{Excalibur Low-Noise High-Speed
	
	JFET-Input Operational Amplifiers}},
  howpublished = {\url{http://www.komponenten.es.aau.dk/fileadmin/komponenten/Data_Sheet/Linear/TLE2071.pdf}},
  owner = {MB},
  timestamp = {2012.11.27}
}

@ELECTRONIC{CO2-kvote,
  author = {{Trafikstyrelsen}},
  month = {August},
  year = {2012},
  title = {Br{\ae}ndstof - forbrug og lovgivning},
  howpublished = {\url{http://www.trafikstyrelsen.dk/DA/Groen-Transport/Braendstofforbrug.aspx}},
  owner = {MB},
  timestamp = {2012.12.10}
}

@ELECTRONIC{PV-gov,
  author = {{U.S. Department of Energy}},
  month = {December},
  year = {2011},
  title = {Semiconductors and the Built-In Electric Field for Crystalline Silicon
	Photovoltaic Cells},
  howpublished = {\url{http://www.eere.energy.gov/basics/renewable_energy/semiconductors.html}},
  owner = {BGT},
  timestamp = {2012.12.12}
}

@ELECTRONIC{BC557B,
  author = {Vishay},
  year = {2004},
  title = {BC556 to BC558},
  howpublished = {\url{http://www.datasheetcatalog.org/datasheet2/5/0qsl0963l7i0pw6dwpsgdj3890wy.pdf}},
  owner = {Aske},
  timestamp = {2012.12.16}
}

@ELECTRONIC{WprM,
  author = {Peter Riddersholm Wang AND Mikael Scharling AND Kristian Pagh Nielsen},
  year = {2010},
  title = {{Teknisk Rapport 12-17}},
  howpublished = {\url{http://http://www.dmi.dk/dmi/tr12-17.pdf}},
  owner = {CNE},
  timestamp = {2012.10.14}
}

