% This file was created with JabRef 2.8.1.
% Encoding: Cp1252

@MISC{Age2,
  author = {Dansk p{\ae}diatrisk selskab},
  howpublished = {\url{http://www.paediatri.dk/vejledninger/vaekstkurver/drengeha-smaa.pdf}},
  year = {2013},
  owner = {Computer},
  timestamp = {2013.03.22}
}

@MISC{Flex,
  author = {Flex-Control A/S},
  title = {Flex-Control},
  howpublished = {\url{http://www.flex-control.dk/privat/}},
  year = {2013},
  owner = {Aske},
  timestamp = {2013.02.22}
}

@MISC{GSMA,
  author = {{Association}},
  howpublished = {\url{http://www.gsmworld.com/about/index.shtml}},
  year = {2013},
  owner = {BGT},
  timestamp = {2013.03.06}
}

@MISC{varme,
  author = {borger.dk},
  title = {Milj{\o}venlig opvarmning},
  howpublished = {\url{https://www.borger.dk/Sider/Miljoevenlig-opvarmning.aspx}},
  year = {2013},
  owner = {Aske},
  timestamp = {2013.03.04}
}

@BOOK{HFteknik,
  title = {HF-teknik},
  publisher = {Erhvervsskolernes {Forlag}},
  year = {2003},
  author = {Anders Christensen},
  owner = {Computer},
  timestamp = {2013.03.04}
}

@MISC{UART,
  author = {Frank Durda},
  howpublished = {\url{http://www.freebsd.org/doc/en/articles/serial-uart/}},
  year = {2013},
  owner = {RA},
  timestamp = {2013.05.22}
}

@BOOK{GSM,
  title = {{GSM} - {Architecture}, {Protocols} and {Services}},
  publisher = {Wiley},
  year = {2009},
  author = {Jörg Eberspächer AND Christian Bettstetter AND Hans-Joerg Vögel
	AND Christian Hartmann},
  owner = {BGT},
  timestamp = {2013.03.06}
}

@MISC{GOenergi,
  author = {Energistyrelsen},
  howpublished = {\url{https://www.goenergi.dk/}},
  month = {februar},
  year = {2013},
  owner = {Computer},
  timestamp = {2013.02.25}
}

@MISC{uart2,
  author = {FreeBSD},
  title = {Serial and UART Tutorial},
  howpublished = {\url{http://www.freebsd.org/doc/en/articles/serial-uart/}},
  year = {2013},
  owner = {Aske},
  timestamp = {2013.05.27}
}

@MISC{elnet,
  author = {Lise Mortensen H{\o}y},
  title = {De gamle HFI-rel{\ae} skal udskiftes med HPFI-rel{\ae}},
  howpublished = {\url{http://www.idenyt.dk/Boligen/Digitalt/Med-et-HPFI-rela-kan-du-undga-at-dit-elektronik-gar-i-stykker-59101?p=0}},
  year = {2010},
  owner = {Aske},
  timestamp = {2013.03.04}
}

@MISC{IHC,
  author = {Knudsen, Lauritz},
  title = {Alt om {IHC}},
  howpublished = {\url{http://www.lk.dk/Lauritz+Knudsen/professionel/ihc/alt-om-ihc.page?}},
  year = {2013},
  owner = {BGT},
  timestamp = {2013.02.19}
}

@MISC{adg3300,
  author = {{National Devices}},
  howpublished = {\url{http://www.analog.com/static/imported-files/data_sheets/ADG3300.pdf}},
  year = {2005},
  owner = {BGT},
  timestamp = {2013.05.07}
}

@MISC{ADC,
  author = {{National Semiconductor}},
  howpublished = {\url{http://www.komponenten.es.aau.dk/fileadmin/komponenten/Data_Sheet/ADC_DAC/ADC0820.pdf}},
  year = {2004},
  owner = {BGT},
  timestamp = {2013.05.25}
}

@MISC{AN1,
  author = {RTX},
  title = {RTX4100 Application Note Current consumption AN1.pdf},
  howpublished = {\url{http://www.rtx.dk/Default.aspx?ID=3980}},
  year = {2013},
  owner = {RA},
  timestamp = {2013.05.22}
}

@MISC{UG3,
  author = {RTX},
  title = {RTX4100 User Guide application Development UG3.pdf},
  howpublished = {\url{http://www.rtx.dk/Default.aspx?ID=3980}},
  year = {2013},
  owner = {RA},
  timestamp = {2013.05.22}
}

@MISC{Spotpris,
  author = {SE},
  howpublished = {\url{http://www.se.dk/erhverv/energi/el/spot}},
  month = {Februar},
  year = {2013},
  owner = {Computer},
  timestamp = {2013.02.25}
}

@BOOK{LydiSmaini,
  title = {RF Analog impairments Modeling for Comumunication systems simulation:
	application to OFDM-based transeivers},
  publisher = {Wiley},
  year = {2012},
  author = {Lydi Smaini},
  address = {9781119999072},
  timestamp = {2013.03.04}
}

@MISC{SBH,
  author = {Smart-Bus},
  title = {Smart {Home} {Bus}},
  howpublished = {\url{http://www.smarthomebus.com/index.html}},
  year = {2013},
  owner = {Aske},
  timestamp = {2013.02.22}
}

@MISC{lm35,
  author = {{Texas Industries}},
  howpublished = {\url{http://www.ti.com/lit/ds/symlink/lm35.pdf}},
  year = {2000},
  owner = {BGT},
  timestamp = {2013.04.21}
}

@MISC{FLC,
  author = {Philip.T Vuong AND Asad M. Madni AND Jim B. Vuong},
  title = {{VHDL} {Implementation} {For} a {Fuzzy} {Logic} {Controller}},
  howpublished = {BEI Technologies},
  year = {2013},
  owner = {LSC},
  timestamp = {2013.05.22}
}

@MISC{homeplug,
  author = {Ray Willington},
  howpublished = {\url{http://hothardware.com/News/HomePlug-Powerline-Alliances-Gets-IEEE-Backing-Standard-To-Come-Soon/}},
  year = {2010},
  owner = {Computer},
  timestamp = {2013.02.27}
}

@MISC{picoref,
  author = {{XILINX}},
  howpublished = {\url{http://www.xilinx.com/support/documentation/ip_documentation/ug129.pdf}},
  year = {2011},
  owner = {ME},
  timestamp = {2013.05.10}
}

@MISC{IEEE1901,
  author = {Shuang Yu},
  howpublished = {\url{http://standards.ieee.org/news/2011/bpl.html}},
  year = {2011},
  owner = {Computer},
  timestamp = {2013.02.27}
}

@MISC{ZH,
  author = {Zensehome},
  title = {Zensehome},
  howpublished = {\url{http://zensehome.dk/da/privat.aspx}},
  year = {2013},
  owner = {Aske},
  timestamp = {2013.02.22}
}

@MISC{Zwave,
  author = {Zwave},
  howpublished = {\url{http://www.z-wave.com}},
  year = {2013},
  owner = {Computer},
  timestamp = {2013.02.22}
}

